<?xml version="1.0" encoding="UTF-8"?><collection xmlns="http://www.loc.gov/MARC21/slim"><record><leader>00618nam--2200217-u-4500</leader><controlfield tag="001">000050388</controlfield><controlfield tag="002">20161230</controlfield><controlfield tag="005">20161230201048</controlfield><controlfield tag="008">070223s1000------------r-----000-0-eng-d</controlfield><datafield ind1=" " ind2=" " tag="020"><subfield code="a">3540419284</subfield></datafield><datafield ind1=" " ind2=" " tag="040"><subfield code="a">IFIN-HH</subfield></datafield><datafield ind1=" " ind2=" " tag="080"><subfield code="a">530.145:519.21</subfield></datafield><datafield ind1="1" ind2=" " tag="100"><subfield code="a">Accardi, Luigi</subfield></datafield><datafield ind1="1" ind2="0" tag="245"><subfield code="a">Quantum Theory and its Stochastic Limit</subfield><subfield code="c">Luigi Accardi; Yun Gang Lu; Igor Volovich</subfield></datafield><datafield ind1=" " ind2=" " tag="260"><subfield code="a">New York</subfield><subfield code="b">Springer</subfield><subfield code="c">2002</subfield></datafield><datafield ind1=" " ind2=" " tag="300"><subfield code="a">XI,473p</subfield></datafield><datafield ind1=" " ind2=" " tag="504"><subfield code="a">Includes bibliographical references and index</subfield></datafield><datafield ind1="2" ind2=" " tag="650"><subfield code="a">Quantum Theory</subfield></datafield><datafield ind1="1" ind2=" " tag="700"><subfield code="a">Volovich, Igor</subfield></datafield><datafield ind1=" " ind2=" " tag="852"><subfield code="a">81799</subfield><subfield code="c">530.14</subfield></datafield><datafield ind1=" " ind2=" " tag="CAT"><subfield code="a">Sys</subfield><subfield code="c">20110328</subfield><subfield code="h">094251</subfield></datafield></record></collection>